<?xml version="1.0" encoding="UTF-8"?><record xmlns="http://www.loc.gov/MARC21/slim" xmlns:cinclude="http://apache.org/cocoon/include/1.0" xmlns:zs="http://www.loc.gov/zing/srw/">
  <leader>00487nz  a2200157n  4500</leader>
  <controlfield tag="001">n 2006174296</controlfield>
  <controlfield tag="003">DLC</controlfield>
  <controlfield tag="005">20070803074939.0</controlfield>
  <controlfield tag="008">070802n| acannaabn          |a aaa      </controlfield>
  <datafield tag="010" ind1=" " ind2=" ">
    <subfield code="a">n 2006174296</subfield>
  </datafield>
  <datafield tag="040" ind1=" " ind2=" ">
    <subfield code="a">DLC</subfield>
    <subfield code="b">eng</subfield>
    <subfield code="c">DLC</subfield>
  </datafield>
  <datafield tag="100" ind1="1" ind2=" ">
    <subfield code="a">Mājhī, Rāmacandra</subfield>
  </datafield>
  <datafield tag="400" ind1="0" ind2=" ">
    <subfield code="a">Rāmacandra Mājhī</subfield>
  </datafield>
  <datafield tag="400" ind1="1" ind2=" ">
    <subfield code="a">Majhi, Ramchandra</subfield>
  </datafield>
  <datafield tag="400" ind1="0" ind2=" ">
    <subfield code="a">Ramchandra Majhi</subfield>
  </datafield>
  <datafield tag="670" ind1=" " ind2=" ">
    <subfield code="a">Ḍiḍāẏi bhāshā śikshaṇa pustikā, 2006:</subfield>
    <subfield code="b">t.p. (Rāmacandra Mājhī) t.p. verso (Ramchandra Majhi)</subfield>
  </datafield>
</record>